@article{kiselev2018transcription,
  title={Transcription factor PAX6 as a novel prognostic factor and putative tumour suppressor in non-small cell lung cancer},
  author={Kiselev, Yury and Andersen, Sigve and Johannessen, Charles and Fjukstad, Bj{\o}rn and Olsen, Karina Standahl and Stenvold, Helge and Al-Saad, Samer and Donnem, Tom and Richardsen, Elin and Bremnes, Roy M and others},
  journal={Scientific reports},
  volume={8},
  number={1},
  pages={5059},
  year={2018},
  publisher={Nature Publishing Group}
}

@article{spjuth2015experiences,
  title={Experiences with workflows for automating data-intensive bioinformatics},
  author={Spjuth, Ola and Bongcam-Rudloff, Erik and Hern{\'a}ndez, Guillermo Carrasco and Forer, Lukas and Giovacchini, Mario and Guimera, Roman Valls and Kallio, Aleksi and Korpelainen, Eija and Ka{\'n}du{\l}a, Maciej M and Krachunov, Milko and others},
  journal={Biology direct},
  volume={10},
  number={1},
  pages={43},
  year={2015},
  publisher={BioMed Central}
}
